\begin{filecontents*}{DA.bib}
@book{richter1997usability,
    author={Michael Richter},
    title={Kriterien der Benutzerfreundlichkeit},
    publisher={Psychologisches Institut der Universität Zürich},
    month=11,
    year=1997,
}

@article{mardita2017intuitive,
    author={Rizki Mardita},
    title={Designing Intuitive User Interface},
    journal={Medium},
    day=27,
    month=5,
    year=2017,
}

@book{fry2008visualizing,
    title={Visualizing data},
    author={Fry, Ben},
    year={2008},
    publisher={O'Reilly Media, Inc.}
}

@book{krug2018think,
    title={Don't make me think!: Web \& Mobile Usability: Das intuitive Web},
    author={Krug, Steve},
    year={2018},
    publisher={MITP-Verlags GmbH \& Co. KG},
}

@article{wright2010myth,
    author={Wright, Chris},
    title={Web Optimization: The Myth of the 3 Click Rule},
    journal={CMSWire},
    year=2010
}

@article{laubheimer2019myth,
    author={Laubheimer, Page},
    title={The 3-Click Rule for Navigation Is False},
    journal={Nielsen Norman Group},
    year=2019
}

@inproceedings{shneiderman1996eyes,
  title={The eyes have it: A task by data type taxonomy for information visualizations},
  author={Shneiderman, Ben},
  booktitle={Proceedings 1996 IEEE symposium on visual languages},
  pages={336--343},
  year={1996},
  organization={IEEE}
}

@book{morville2010search,
    title={Search patterns: design for discovery},
    author={Morville, Peter and Callender, Jeffery},
    year={2010},
    publisher={O'Reilly Media, Inc.},
}

@inproceedings{ahlberg1992dynamic,
    title={Dynamic queries for information exploration: An implementation and evaluation},
    author={Ahlberg, Christopher and Williamson, Christopher and Shneiderman, Ben},
    booktitle={Proceedings of the SIGCHI conference on Human factors in computing systems},
    pages={619--626},
    year={1992}
}

@book{hogan2014speed,
    title={Designing for Performance: Weighing Aesthetics and Speed},
    author={Hogan, Lara Callender},
    year={2014},
    publisher={O'Reilly Media, Inc.},
}

@article{souders2008high,
    title={High-performance web sites},
    author={Souders, Steve},
    journal={Communications of the ACM},
    volume={51},
    number={12},
    pages={36--41},
    year={2008},
    publisher={ACM New York, NY, USA},
}

@article{sharma2020usability,
    title={A usability evaluation of Web user interface scrolling types},
    author={Sharma, Sushil and Murano, Pietro},
    journal={First Monday},
    year={2020},
}

@article{barnum2004index,
    title={Index versus full-text search: a usability study of user preference and performance},
    author={Barnum, Carol and Henderson, Earvin and Hood, Al and Jordan, Rodney},
    journal={Technical Communication},
    volume={51},
    number={2},
    pages={185--206},
    year={2004},
    publisher={Society for Technical Communication}
}

@article{jorgensen1996index,
    title={Information access or information anxiety?—An exploratory evaluation of book index},
    author={Jorgensen, Corinne and Liddy, Elizabeth D},
    journal={Indexer},
    volume={1},
    number={20},
    pages={64--68},
    year={1996},
    publisher={Citeseer},
}

@article{brandstadt1994eulerkreise,
  title={Eulerkreise und Hamiltonkreise},
  author={Brandst{\"a}dt, Andreas},
  journal={Graphen und Algorithmen},
  pages={40--60},
  year={1994},
  publisher={Springer}
}

@article{liebling1970euler,
  title={Euler-Graphen,-Zyklen und-Kreise},
  author={Liebling, Thomas M and Liebling, Thomas M},
  journal={Graphentheorie in Planungs-und Tourenproblemen: am Beispiel des st{\"a}dtischen Stra{\ss}endienstes},
  pages={24--31},
  year={1970},
  publisher={Springer}
}

@article{lauchli1991planaritat,
  title={Planarit{\"a}t},
  author={L{\"a}uchli, Peter and L{\"a}uchli, Peter},
  journal={Algorithmische Graphentheorie},
  pages={83--98},
  year={1991},
  publisher={Springer}
}

@article{schmit2018kuratowski,
    title={Der Satz von Kuratowski},
    author={Schmit, Anne-Marie},
    year=2018,
    journal={Paris-Lodron-Universitat Salzburg}
}

@techreport{reith2001p,
    title={Ist P= NP? Einf{\"u}hrung in die Theorie der NP-Vollst{\"a}ndigkeit},
    author={Reith, Steffen and Vollmer, Heribert},
    year={2001},
    institution={Technical Report 269, Institut f{\"u}r Informatik, Universit{\"a}t W{\"u}rzburg, 2001~…},
}

@article{ohlbach2018graphen,
    author = {Hans Jürgen Ohlbach},
    title = {Graphen},
    journal = {Ludwig-Maximilians-Universität München},
    year = 2018
}

@misc{kleinzusammenhang,
    author = {Felix Klein},
    title = {Zusammenhang von Graphen},
    howpublished = {Mathepedia},
}

@misc{githubgistFisheye,
    title={Fisheye Magnifying Glass},
    author={micahstubbs},
    year={2020},
    journal={GitHub}
}

@article{neuberger2007interaktivitat,
  title={Interaktivit{\"a}t, Interaktion, Internet},
  author={Neuberger, Christoph},
  journal={Publizistik},
  volume={52},
  number={1},
  pages={33--50},
  year={2007},
  publisher={VS Verlag f{\"u}r Sozialwissenschaften}
}

@article{filter2023vassilatos,
    author = {Vassilatos, Fanny and Crawshaw, Ceara},
    title = {Enterprise Filtering - UX Pattern Analysis},
    year = {2023},
    journal = {Pencil \& Paper},
}

@article{icons2024hahn,
    author = {Hahn, Martin},
    title = {Icons für deine Website: So nutzt du sie richtig},
    year = {2024},
    journal = {Webdesign Journal}
}

@article{interactive2020Ediger,
    author = {Ediger, Natalie},
    title = {What is Interactive Content?},
    year = {2020},
    journal = {cleverclip}
}

@article{modellierung2005glinz,
    author = {Prof. Dr. Glinz, Martin},
    title = {Informatik II: Modellierung},
    journal = {Universität Zürich - Institut für Informatik},
    year = {2005}
}

@book{pfefferer1996objektzentrierte,
  title={Objektzentrierte Visualisierung mehrdimensionaler Daten als Erweiterung konventioneller Datenbankmodelle},
  author={Pfefferer, Leo},
  year={1996},
  publisher={Herbert Utz Verlag}
}

@article{2020simplevis,
    author={Cheng, Jeffrey},
    title = {The Top 10 Types of Data Visualization Made Simple},
    journal = {Boost Labs},
    year = {2020}
}

@article{frenchsimplevis,
    author = {French, Katie},
    title = {25 Tips to Instantly Improve Your Data Visualization Design},
    journal = {Column Five},
    year={2021}
}

@article{morales2020picture,
    author = {Morales, José Miguel},
    title = {What is Data Visualization? From Data to Visualization},
    journal = {BIUWER},
    year = {2020}
}

@article{2023diagrammarten,
    author={insightsoftware},
    title = {Welches Diagramm für welche Daten? So finden Sie die richtige Diagrammtypen},
    journal = {insightsoftware},
    year = {2023}
}

@article{marktler2020diagrammtypen,
    author = {Marktler, Josef},
    title = {12 coole Typen – Wer ist der Richtige?},
    journal = {storytellingmitdaten},
    year = {2020}
}

@article{zeising2016genre,
    author = {Zeising, Tobias},
    title = {Was lesen Buchblogger: Eine neue Analyse mit Visualisierungen und Statistiken},
    journal = {lesestunden},
    year = {2016}
}

@article{pusic2023clustering,
    author = {Pusic, Ante},
    title = {Graph Clustering Algorithms: Usage and Comparison},
    journal = {memgraph},
    year = {2023}
}

@article{cinar2023heatmap,
    author = {Cinar, Özlem},
    title = {Visualisierung der Ergebnisse (MOS) Heatmap},
    journal={CapeReviso},
    year = {2023}
}

@article{beilhammer2017interpretation,
    author = {Beilhammer, Marius},
    title = {Datenvisualisierung: Dateninterpretation auf einen Blick},
    journal = {industryPRESS},
    year = {2017}
}

@article{bostock2012fisheye,
    author = {Bostock, Mike},
    title = {Fisheye Distortion},
    journal={Mike Bostock},
    year = {2012}
}

@article{yiheatmap,
    author = {Yi, Mike},
    title = {A complete guide to heatmaps},
    journal = {Atlassian},
    year={2020}
}

@article{kassamara2020heatmap,
    author = {Kassamara, Alboukadel},
    title = {Hierarchical Clustering in R: The Essentials ➜ Heatmap in R: Static and Interactive Visualization},
    journal = {DataNovia},
    year = {2020}
}

@article{lin2023guide,
    author = {Lin, Pohan},
    title = {2023 Guide to Big Data Visualization},
    journal = {Piktochart},
    year = {2023}
}

@misc{bigdata2014image,
    author = {Wampfler, Philippe},
    title = {Methodische Probleme von Big Data im Umgang mit Social Media},
    journal = {Schule Social Media},
    year = {2014}
}

@article{heins2017herausforderungen,
    author = {Heins, Eberhard},
    title = {Daten-Tools visualisieren Big-Data-Potenzial},
    journal = {the IT-Matchmaker},
    year = {2017}
}

@incollection{curryMessageOrientedMiddleware2004,
    title = {Message-{{Oriented Middleware}}},
    booktitle = {Middleware for {{Communications}}},
    author = {Curry, Edward},
    editor = {Mahmoud, Qusay H.},
    year = {2004},
    month = jun,
    edition = {1},
    pages = {1--28},
    publisher = {{Wiley}},
    doi = {10.1002/0470862084.ch1},
    urldate = {2024-01-08},
    isbn = {978-0-470-86206-3 978-0-470-86208-7},
    langid = {english}
}

@article{fuFairComparisonMessage2021,
    title = {A {{Fair Comparison}} of {{Message Queuing Systems}}},
    author = {Fu, Guo and Zhang, Yanfeng and Yu, Ge},
    year = {2021},
    journal = {IEEE Access},
    volume = {9},
    pages = {421--432},
    issn = {2169-3536},
    doi = {10.1109/ACCESS.2020.3046503},
    urldate = {2023-12-24},
    abstract = {The production and real-time usage of streaming data bring new challenges for data systems due to huge volume of streaming data and quick response request of applications. Message queuing systems that offer high throughput and low latency play an important role in today's big streaming data processing. There are several popular message queuing systems in production usage and also many in-lab message queuing systems in academia. These systems with different design philosopies have different characteristics. It is non-trivial for a non-expert to choose a suitable system to meet his specific requirement. With this premise, our primary contribution is to provide the community with a fair comparison among message queuing systems, using a standardized comparison metric and reproducible experimental environment. Five typical message queuing systems (including Kafka, RabbitMQ, RocketMQ, ActiveMQ and Pulsar) are evaluated qualitatively (in analysis) and quantitatively (in experimental results). This article also highlights the distinct features of each system and summarizes the best-suited use cases of each system. The fair comparison and the insight analysis provided in this article can help users choose the best-suited message queuing systems.},
    langid = {english},
    keywords = {Big data,message queuing system,streaming processing}
}

@inproceedings{menge2007enterprise,
    title = {Enterprise Service Bus},
    booktitle = {Free and Open Source Software Conference},
    author = {Menge, Falko},
    year = {2007},
    volume = {2},
    pages = {1--6}
}

@book{narkhedeKafkaDefinitiveGuide2017,
    title = {Kafka: {{The Definitive Guide}}},
    author = {Narkhede, Neha},
    year = {2017},
    publisher = {{O'Reilly Media}},
    abstract = {Every enterprise application creates data, whether it's log messages, metrics, user activity, outgoing messages, or something else. How to move all of this data becomes nearly as important as the data itself. If you're an application architect, developer, or production engineer new to Apache Kafka, this practical guide takes you from beginner to expert in using this streaming platform to handle real-time data feeds. Engineers from Confluent and Linkedln responsible for developing Kafka explain how to deploy production Kafka clusters, write reliable event-driven microservices and build scalable stream-processing applications with this platform. Through detailed examples, you'll learn Kafka's design principles, reliability guarantees, key APIs, and several architecture details, including the replication protocol, controller, and storage layer.},
    langid = {english},
    keywords = {Kafka}
}

@article{papazoglouServiceOrientedArchitectures2007,
    title = {Service Oriented Architectures: Approaches, Technologies and Research Issues},
    shorttitle = {Service Oriented Architectures},
    author = {Papazoglou, Mike P. and Van Den Heuvel, Willem-Jan},
    year = {2007},
    month = jul,
    journal = {The VLDB Journal},
    volume = {16},
    number = {3},
    pages = {389--415},
    issn = {1066-8888, 0949-877X},
    doi = {10.1007/s00778-007-0044-3},
    urldate = {2024-01-10},
    abstract = {Service-oriented architectures (SOA) is an emerging approach that addresses the requirements of loosely coupled, standards-based, and protocolindependent distributed computing. Typically business operations running in an SOA comprise a number of invocations of these different components, often in an event-driven or asynchronous fashion that reflects the underlying business process needs. To build an SOA a highly distributable communications and integration backbone is required. This functionality is provided by the Enterprise Service Bus (ESB) that is an integration platform that utilizes Web services standards to support a wide variety of communications patterns over multiple transport protocols and deliver value-added capabilities for SOA applications. This paper reviews technologies and approaches that unify the principles and concepts of SOA with those of event-based programing. The paper also focuses on the ESB and describes a range of functions that are designed to offer a manageable, standards-based SOA backbone that extends middleware functionality throughout by connecting heterogeneous components and systems and offers integration services. Finally, the paper proposes an approach to extend the conventional SOA to cater for essential ESB requirements that include capabilities such as service orchestration, ``intelligent'' routing, provisioning, integrity and security of message as well as service management. The layers in this extended SOA, in short xSOA, are used to classify research issues and current research activities.},
    langid = {english}
}

@book{stopfordDesigningEventDrivenSystems2018,
    title = {Designing {{Event-Driven Systems}}},
    author = {Stopford, Ben},
    year = {2018},
    abstract = {Concepts and Patterns for Streaming Services with Apache Kafka},
    langid = {english},
    keywords = {Kafka},
    publisher={O'Reilly Media, Inc.}
}

@book{toshevLearningRabbitMQBuild2016,
    title = {Learning {{RabbitMQ}}: Build and Optimize Efficient Messaging Applications with Ease},
    shorttitle = {Learning {{RabbitMQ}}},
    author = {Toshev, Martin},
    year = {2016},
    publisher = {{Packt Publishing}},
    address = {{Birmingham}},
    isbn = {978-1-78398-456-5},
    langid = {english}
}

@book{turnbull2014docker,
  title={The Docker Book: Containerization is the new virtualization},
  author={Turnbull, James},
  year={2014},
  publisher={James Turnbull}
}

@article{google2009services,
    author = {Syrjäläinen, Sampo and Hilvonen, Jukka},
    title = {SOA, case Google\:LLC},
    journal = {Faculty of technology management},
    year = {2009}
}

@article{groupedChart,
    author = {Microsoft Deutschland},
    title = {Markieren von Daten für ein Diagramm},
    journal = {Microsoft Support},
    year = {2016}
}

@article{stackedChart,
    author = {Kristoffer Ditz},
    title = {Excel Tipp 3: Summenwerte in gestapelten Säulen-Diagrammen},
    journal = {Hanseatic Business School},
    year = {2014}
}

% ----------------------------------------------------- Empire -----------------------------------------------------

@article{GraphQLQueriesAndMutations,
    author = {The\:GraphQL\:Foundation},
    title = {Queries and Mutations},
    journal = {graphql.org}
}

@article{GraphQLThinkingInGraphs,
    author = {The\:GraphQL\:Foundation},
    title = {Thinking in Graphs},
    journal = {graphql.org}
}

@article{GraphQLWhyGraphQL,
    author = {The\:GraphQL\:Foundation},
    title = {Why should I use GraphQL?},
    journal = {graphql.org}
}

@article{AngularFeatures,
    author = {Google\:LLC},
    title = {What is Angular?},
    journal = {angular.dev}
}

@article{AngularCLI,
    author = {Google\:LLC},
    title = {The Angular CLI},
    journal = {angular.dev}
}

@article{AngularStyling,
    author = {Google\:LLC},
    title = {Styling components},
    journal = {angular.dev}
}

@article{AngularComponents,
    author = {Google\:LLC},
    title = {Anatomy of a component},
    journal = {angular.dev}
}

@article{AngularRouting,
    author = {Google\:LLC},
    title = {Angular Routing},
    journal = {angular.dev}
}

@article{AngularDI,
    author = {Google\:LLC},
    title = {Dependency injection in Angular},
    journal = {angular.dev}
}

@article{AngularTesting,
    author = {Google\:LLC},
    title = {Testing},
    journal = {angular.dev}
}

@article{AngularMaterial,
    author = {Google\:LLC},
    title = {Angular Material -- Material Design components for Angular},
    journal = {material.angular.io}
}

@article{Sass,
    author = {Sass},
    title = {Sass Basics},
    journal = {sass-lang.com}
}

@article{Cytoscape,
    author = {Franz, Max and Lopes, Christian and Fong, Dylan and Kucera, Mike and Bader, Gary and viele mehr},
    title = {Cytoscape.js -- Graph theory (network) library for visualisation and analysis},
    journal = {js.cytoscape.org}
}

@article{ng2-charts,
    author={santam85 and valorkin and viele andere Entwickler der ng2-charts Community},
    title = {ng2-charts},
    journal = {valor-software.com},
}

@article{chartjs-interactions,
    author={etimberg and krukle and benmccann and viele andere Entwickler der Chart.js Community},
    title = {Interactions | Chart.js},
    journal = {www.chartjs.org},
}

@article{chartjs-legend,
    author={etimberg and krukle and benmccann and viele andere Entwickler der Chart.js Community},
    title = {Legend | Chart.js},
    journal = {www.chartjs.org},
}

@misc{FireshipGraphQL,
    author = {Fireship},
    title = {GraphQL in 100 Seconds},
    journal = {YouTube},
    year={2021}
}

@misc{FireshipAngular,
    author = {Fireship},
    title = {Angular in 100 Seconds},
    journal = {YouTube},
    year={2020}
}

@misc{FireshipPostgreSQL,
    author = {Fireship},
    title = {PostgreSQL in 100 Seconds},
    journal = {YouTube},
    year={2023}
}

@misc{FireshipJava,
    author = {Fireship},
    title = {Java in 100 Seconds},
    journal = {YouTube},
    year={2021}
}

@article{springDocs,
    title = {Spring Boot Reference Documentation},
    journal = {docs.spring.io},
    year = 2024,
    author = {VMware\:Tanzu}
}

@article{postgreSQLDocs,
    title = {PostgreSQL Documentation},
    journal = {www.postgresql.org/docs/},
    year = 2024,
    author = {The\:PostgreSQL\:Global\:Development\:Group}
}

@article{javaDocs,
    title = {Java Documentation},
    journal = {docs.oracle.com},
    year = 2024,
    author = {Oracle\:Corporation}
}